@book{Kobayashi_2011, place={Cambridge}, title={Probability, Random Processes, and Statistical Analysis: Applications to Communications, Signal Processing, Queueing Theory and Mathematical Finance}, publisher={Cambridge University Press}, author={Kobayashi, Hisashi and Mark, Brian L. and Turin, William}, year={2011}}

@book{Pishro_2014,
  title={Introduction to Probability, Statistics, and Random Processes},
  author={Pishro-Nik, H.},
  isbn={9780990637202},
  lccn={2015295671},
  url={https://books.google.com.br/books?id=3yq\_oQEACAAJ},
  year={2014},
  publisher={Kappa Research, LLC}
}

@techreport{minka2002estimating,
  title        = {Estimating a Gamma distribution},
  author       = {Minka, Thomas P.},
  year         = {2002},
  institution  = {Microsoft Research},
  url          = {https://tminka.github.io/papers/minka-gamma.pdf}
}

@misc{scipy_chi2_contingency,
  title        = {scipy.stats.chi2\_contingency},
  author       = {{SciPy Developers}},
  year         = 2024,
  url          = {https://docs.scipy.org/doc/scipy/reference/generated/scipy.stats.chi2\_contingency.html},
  note         = {Accessed: 2024-12-31}
}
